@book{aho2007compilers,
  title={Compilers: principles, techniques, \& tools},
  author={Aho, Alfred V and Lam, Monica S and Sethi, Ravi and Ullman, Jeffrey D},
  year={2007},
  publisher={Pearson Education India}
}

@article{iso1999iso,
  title={ISO/IEC 9899: 1999},
  author={ISO, WG14 and N1124, Y},
  journal={IProgramming languages$\pm$C", ISO},
  year={1999}
}

@book{martin2009clean,
  title={Clean code: a handbook of agile software craftsmanship},
  author={Martin, Robert C},
  year={2009},
  publisher={Pearson Education}
}